
@book{clift1978,
	author =       "Clift, R. and Grace, J.R. and Weber, M. E.",
	title =        "Bubbles, Drops, and Particles",
	year =         "1978",
	publisher = 	"Academic Press, Harcourt Brace Jovanovich Publishers",
	address   = 	"London"
}

@article{kahler2002,
	author =       "KÃ¤hler, C. and Sammler, B. and Kompenhans, J.",
	title =        "Generation and Control of Tracer Particles for Optical Flow 
	Investigations in Air",
	journal =      "Experiments in Fluids",
	year =         "2002",
}

@article{mei1996,
	author =       "Mei, R.",
	title =        "Velocity fidelity of flow tracer particles",
	journal =      "Experiments in Fluids",
	year =         "1996",
}

@article{roscoe1952,
	author =       "Roscoe, R.",
	title =        "The viscocity of suspensions of rigid spheres",
	journal =      "Journal of Applied Physics",
	year =         "1952",
}

@article{squires1990,
	author =       "Squires, Kyle D. and Eaton, John K.",
	title =        "Particle response and turbulence modification in isotropic 
	turbulence",
	journal =      "Physics of Fluids",
	year =         "1990",
}

@article{wang2005,
	author =       "Wang, Dazhi and Sigurdson, Marin and Meinhart, Carl D.",
	title =        "Experimental analysis of particle and fluid motion in ac 
	electrokinetics",
	journal =      "Experiments in Fluids",
	year =         "2005",
}