
@manual{PIVuncertAIAA,
	title 	  = "AIAA Assessment of Experimental Uncertainty With Application 
	to Wind Tunnel Testing",
	journal   = "AIAA-S-071A-1999",
	year      = "1999",
	address   = "Reston, VA",
	author    = "AIAA"
}

@article{adeyinka2005,
	author =       "Adeyinka, O.B. and Naterer, G.F.",
	title =        "Experimental Uncertainty of Measured Entropy Production 
	with Pulsed Laser PIV and Planar Laser Induced Fluorescence",
	journal =      "International Journal of Heat and Mass Transfer",
	year =         "2005",
	DOI =          "http://dx.doi.org/10.1016/j.ijheatmasstransfer.2004.10.021"
}

@book{adrian2011,
	author = "Adrian, Ronald J. and Westerweel, Jerry",
	title = "Particle Image Velocimetry",
	year = "2011",
	publisher = "Cambridge University Press",
	address = "32 Avenue of the Americas, New York, USA"
}
	
@article{adrian1984,
	author =       "Adrian,Ronald J.",
	title =        "Scattering particle characteristics and their effect on 
	pulsed laser measurements of fluid flow: speckle velocimetry vs particle 
	image velocimetry",
	journal =      "Applied Optics",
	year =         "1984"
}

@article{adrian1991,
	author =       "Adrian,Ronald J.",
	title =        "PARTICLE-IMAGING TECHNIQUES FOR	EXPERIMENTAL FLUID 
	MECHANICS",
	journal =      "Fluid Mechanics",
	year =         "1984"
}


@article{arroyo1991,
	author =       "Arroyo, M. P. and Greated, C. A.",
	title =        "Stereoscopic Particle Image Velocimetry",
	journal =      "Fluid Mechanics",
	year =         "1984"
}

@article{barnhart1994,
	author =       "Barnhart, Donald and Adrian, Ronald and Papen, George C.",
	title =        "Phase-conjugate holographic system for high-resolution 
					particle-image velocimetry",
	journal =      "Applied Optics",
	year =         "1994"
}

@article{elsayed2012,
	author =       "Elsayed, Omer and Asrar, Waqar and Omar, Ashraf and Kwon, 
	Kijung",
	title =        "Evolution of NACA23012 Wake vortices Structure Using PIV",
	journal =      "Journal of Aerospace Engineering ASCE",
	year =         "2012"
}

@article{elsinga2006,
	author =       "Elsinga, G.E. and Scarano, F. and Wieneke, B. and van 
	Oudheusden, B. W.",
	title =        "Tomographic particle image velocimetry",
	journal =      "Journal of Experimental Fluids",
	year =         "2006"
}

@article{fouras2007,
	author =       "Fouras, Andreas and Dusting, Jonathan and Hourigan, Kerry",
	title =        "A simple calibration technique for stereoscopic particle 
	image velocimetry",
	journal =      "Journal of Experimental Fluids",
	year =         "2007"
}

@article{hart1998,
	author =       "Hart, Douglas P.",
	title =        "The Elimination of Correlation Errors in PIV Processing",
	journal =      "9th International Symposium on Applications of Laser 
	Techniques to Fluid Mechanics",
	year =         "1998"
}

@article{hart1999,
	author =       "Hart, Douglas P.",
	title =        "Super-Resolution PIV by Recursive Local-Correlation",
	journal =      "Journal of Visualization, the Visualization Society of 
	Japan",
	year =         "1999"
}

@article{kahler2000,
	author =       "KÃ¤hler, C.J. and Kompenhans,J.",
	title =        "Fundamentals of multiple plane stereo particle image 
	velocimetry",
	journal =      "Experiments in Fluids",
	year =         "2000"
}

@article{kasagi1991,
	author =       "Kasagi, Nobuhide and Nishino, Koichi",
	title =        "Probing Turbulence with Three-Dimensional Particle-Tracking 
	Velocimetry",
	journal =      "Experimental Thermal and Fluid Science",
	year =         "1991"
}

@article{keane1991,
	author =       "Keane,Richard D. and Adrian, Ronald J.",
	title =        "Optimization of particle image velocimeters",
	journal =      "Measurement of Science and Technology",
	year =         "1991"
}

@article{lawson1997,
	author =       "Lawson, N.J. and Wu, J.",
	title =        "Three-Dimensional particle image velocimetry: experimental 
	error analysis of a digital angular stereoscopic system",
	journal =      "Measurement of Science and Technology",
	year =         "1997"
}

@article{lawson1997b,
	author =       "Lawson, N.J. and Wu, J.",
	title =        "Three-Dimensional particle image velocimetry: error 
	analysis of stereoscopic techniques",
	journal =      "Measurement of Science and Technology",
	year =         "1997"
}

@article{olsen2000,
	author =       "Olsen, M. G. and Adrian, R. J.",
	title =        "Out-of-focus effects on particle image visibility and 
	correlation in microscopic particle image velocimetry",
	journal =      "Experiments in Fluids",
	year =         "2000"
}

@article{prasad1992,
	author =       "Prasad, A. K. and Adrian, R. J. and Landreth, C. C. and 
	Offutt, P. W.",
	title =        "Effect of resolution on the speed and accuracy of particle 
	image velocimetry interrogation",
	journal =      "Experiments in Fluids",
	year =         "1992"
}

@article{prasad2000,
	author =       "Prasad, A. K.",
	title =        "Stereoscopic particle image velocimetry",
	journal =      "Experiments in Fluids",
	year =         "2000"
}

@book{raffel1998,
	author    = "Raffel, M. and Willert, C. and Kompenhans,J.",
	title     = "Particle Image Velocimetry: A Practical Guide",
	year      = "1998",
	publisher = "Springer",
	address   = "New York"
}

@article{soloff1997,
	author =       "Soloff, S. M. and Adrian, R. J. and Liu, Z-C",
	title =        "Distortion compensation for generalized stereoscopic 
	particle image velocimetry",
	journal =      "Measurement of Science and Technology",
	year =         "1997"
}

@book{westerwheel1993,
	author    = "Westerweel, J.",
	title     = "Digital Particle Image Velocimetry: Theory and Application",
	year      = "1993",
	publisher = "Delft University Press",
	address   = "the Netherlands"
}

@article{westerwheel1997,
	author    = "Westerweel, J.",
	title     = "Fundamentals of digital particle image velocimetry",
	journal =   "Measurement of Science and Technology",
	year      = "1997"
}

@article{willert1997,
	author    = "Willert, Christian",
	title     = "Stereoscopic digital particle image velocimetry for 
	application in wind tunnel flows",
	journal =   "Measurement of Science and Technology",
	year      = "1997"
}