
@book{abuharaz2014,
	author =       "Abuharaz, M.M.E and Ash, Robert",
	title =        "State Variable Model for Unsteady Two Dimensional Axial 
	Vortex Flow with Pressure Relaxation",
	publisher =    "Old Dominion University",
	year =         "2014"
}

@article{antkowiak2004,
	author =       "Antkowiak, Arnaud and Brancher, Pierre",
	title =        "Transient energy gorwth for the Lamb-Oseen vortex",
	journal =      "Physics of Fluids",
	year =         "2004"
}

@article{ash1998,
	author =  "Ash, Robert L. and Zheng, Charlie Z.",
	title = "Numerical Simulations of Commercial Aircraft Wakes Subjected to 
	Airport Surface Weather Conditions",
	journal = "Journal of Aircraft",
	year = "1998"
}

@article{ash2011,
	author =       "Ash,Robert and Zardadkhan,Irfan and Zuckerwar,Allan",
	title =        "The Influence of Pressure Relaxation on the Structure of an 
	Axial Vortex",
	journal =      "Physics of Fluids",
	year =         "2011",
	DOI =          "http://dx.doi.org/10.1063/1.3609270"
}

@article{ash2013,
	author =       "Ash,Robert and Zardadkhan,Irfan",
	title =        "Non-equilibrium pressure control of the height of a 
	large-scale, ground-coupled, rotating fluid column",
	journal =      "Physics of Fluids",
	year =         "2013"
}

@article{bandyopadhyay1991,
	author =       "Bandyopadhyay,P.R. and Stead,D.J and Ash,Robert",
	title =        "Organized Nature of a Turbulent Trailing vortex",
	journal =      "AIAA Journal",
	year =         "1991"
}

@article{beninati2005,
	author = "Beninati, M.L. and Marshall, J.S.",
	title = "An experimental study of the effect of free-stream turbulenc eon a 
	trailing vortex",
	journal = "Experiments in Fluids",
	year = "2005"
}

@article{burnam2013,
	author = "Burnam, David C. and Hallock, James N.",
	title = "Decay Characteristics of Wake Vortices from Jet Transport 
	Aircraft",
	journal = "Journal of Aircraft",
	year = "2013"
}


@mastersthesis{davis2012,
	author =       "Davis,Trevor and Dillon,Krystal and Patrick, Kristen",
	title =        "Vortex Generator for Axial Vortex Characterization ",
	school = 	  "Old Dominion University", 
	year =         "2012"
}

@article{ragab1994,
	author = "Ragab, Saad and Sreedhar, Madhu",
	title = "Numerical simulation of vortices with axial velocity deficits",
	journal = "Physics of Fluids",
	year = "1994"}

@article{vatistas1998,
	author = "Vatistas, Georgios H.",
	title = "New Model for Intense Self-Similar Vortices",
	journal = "Journal of Propulsion and Power",
	year = "1998"
}

@article{zuckerwar2009,
	author = "Zuckerwar, Allan J. and Ash, Robert L.",
	title = "Volume viscosity in fluids with multiple dissipative processes",
	journal = "Physics of Fluids",
	year = "2009"
}
